@string{CVPR = {Proceedings of the {IEEE} Conference on Computer Vision and Pattern Recognition ({CVPR})}}

@string{ICCV = {Proceedings of the {IEEE} International Conference on Computer Vision ({ICCV})}}

@article{sweeney2002k,
	title={k-anonymity: A model for protecting privacy},
	author={Sweeney, Latanya},
	journal={International Journal of Uncertainty, Fuzziness and Knowledge-Based Systems},
	volume={10},
	number={05},
	pages={557--570},
	year={2002},
	publisher={World Scientific}
}


@inproceedings{dwork2006calibrating,
	title={Calibrating noise to sensitivity in private data analysis},
	author={Dwork, Cynthia and McSherry, Frank and Nissim, Kobbi and Smith, Adam},
	booktitle={Theory of cryptography conference},
	pages={265--284},
	year={2006},
	organization={Springer}
}

@inproceedings{bichsel92simple,
	author = {M. Bichsel and Alex P. Pentland},
	title = {A Simple Algorithm For Shape From Shading},
	booktitle = CVPR,
	year = {1992},
	pages = {459--465},
	url = {citeseer.csail.mit.edu/bichsel92simple.html},
}

@inproceedings{dror01statistics,
	author = {Ron O. Dror and Thomas K. Leung and Edward H. Adelson and Alan S. Willsky},
	title = {Statistics of Real-World Illumination},
	booktitle = CVPR,
	year = {2001},
	month = {December},
}

@inproceedings{guisser92new,
	title={A new 3-D surface measurement system using a structured light},
	author={Guisser, Latifa and Payrissat, Ren{\'e} and Castan, Serge},
	booktitle={Proceedings 1992 IEEE Computer Society Conference on Computer Vision and Pattern Recognition},
	pages={784--785},
	year={1992},
	organization={IEEE Computer Society}
}


@book{horn86robot,
	title = {Robot Vision},
	publisher = {McGraw-Hill Book Company, Cambridge, Massachusetts},
	year = {1986},
	author = {Berthold Klaus Paul Horn},
	note = {MIT Electrical Engineering and Computer Science Series},
}

@inproceedings{hougen93estimation,
	author = {Darrel R. Hougen and Narendra Ahuja},
	title = {Estimation Of The Light Source Distribution And Its Use In Integrated Shape Recovery From Stereo And Shading},
	booktitle = ICCV,
	year = {1993},
	pages = {148--155},
}

@inproceedings{samaras99coupled,
	author = {Dimitris Samaras and Dimitris Metaxas},
	title = {Coupled Lighting Direction and Shape Estimation from Single Images},
	booktitle = ICCV,
	year = {1999},
	pages = {868--874},
}

@inproceedings{sato01stability,
	author = {Imari Sato and Yoichi Sato and Katsushi Ikeuchi},
	title = {Stability Issues in Recovering Illumination Distribution from Brightness in Shadows},
	booktitle = CVPR,
	year = {2001},
	pages = {400--407},
	month = {December},
}

@inproceedings{sato99illumination2,
	author = {Imari Sato and Yoichi Sato and Katsushi Ikeuchi},
	title = {Illumination Distribution from Brightness in Shadows: Adaptive Estimation of Illumination Distribution with Unknown Reflectance Properties in Shadow Regions},
	booktitle = ICCV,
	year = {1999},
	pages = {875--882},
	month = {September},
	citeseerurl = {http://citeseer.lcs.mit.edu/sato99illumination.html},
}

@inproceedings{sato99illumination1,
	author = {Imari Sato and Yoichi Sato and Katsushi Ikeuchi},
	title = {Illumination Distribution from Shadows},
	booktitle = CVPR,
	year = {1999},
	pages = {306--312},
	month = {June},
}

@article{shashua97photometric,
	author = {Amnon Shashua},
	title = {On Photometric Issues in {3D} Visual Recognition from a Single {2D} Image},
	journal = {International Journal of Computer Vision ({IJCV})},
	year = {1997},
	volume = {21},
	pages = {99--122},
	number = {1/2},
}

@inproceedings{fujita2023empirical,
  title={An empirical study on the use of snapshot testing},
  author={Fujita, S. and Kashiwa, Y. and Lin, B. and Iida, H.},
  booktitle={2023 IEEE International Conference on Software Maintenance and Evolution (ICSME)},
  pages={335--340},
  year={2023},
  publisher={IEEE},
  doi={10.1109/ICSME58846.2023.00041}
}

@book{costa2021testing,
  title={Testing JavaScript Applications},
  author={Costa, L.},
  year={2021},
  publisher={Manning}
}

@online{bekkhus2023snapshot,
  title={Snapshot testing},
  author={Bekkhus, S.},
  year={2023},
  note={Retrieved September 27, 2023 from \url{https://jestjs.io/docs/snapshot-testing}}
}

@article{cruz2023snapshot,
  title={Snapshot testing in practice: Benefits and drawbacks},
  author={Cruz, Victor Pezzi Gazzinelli and Rocha, Helder and Valente, Marco Tulio},
  journal={Journal of Systems and Software},
  volume={204},
  pages={111797},
  year={2023},
  month={July},
  doi={10.1016/j.jss.2023.111797}
}

@inproceedings{fujita2023empirical,
  title={An empirical study on the use of snapshot testing},
  author={Fujita, S. and Kashiwa, Y. and Lin, B. and Iida, H.},
  booktitle={2023 IEEE International Conference on Software Maintenance and Evolution (ICSME)},
  pages={335--340},
  year={2023},
  publisher={IEEE},
  doi={10.1109/ICSME58846.2023.00041}
}

@book{feathers2004legacy,
  title={Working Effectively with Legacy Code},
  author={Feathers, M.},
  year={2004},
  publisher={Prentice Hall}
}

@inproceedings{hassan2008mining,
  title={Mining software repositories to identify and predict software defects},
  author={Hassan, A. E. and Zhang, Z. H.},
  year={2008},
  pages={284--298},
  booktitle={Proceedings of the 2008 International Workshop on Mining Software Repositories}
}

@online{bekkhus2017jest22,
  title={Jest 22: Refinements \& custom runners},
  author={Bekkhus, S.},
  year={2017},
  howpublished = "\url{https://archive.jestjs.io/blog/2017/12/18/jest-22\#easier-testing-of-errors-thrown-in-async-code}",
  note = "Accessed: 2024-11-01",
  
}

@book{malhotra2016empirical,
  title={Empirical Research in Software Engineering Concepts, Analysis, and Applications},
  author={Malhotra, R.},
  year={2016},
  publisher={Routledge}
}

@article{cruz2019mobile,
author = {Cruz, Luis and Abreu, Rui and Lo, David},
title = {To the attention of mobile software developers: guess what, test your app!},
year = {2019},
issue_date = {August    2019},
publisher = {Kluwer Academic Publishers},
address = {USA},
volume = {24},
number = {4},
issn = {1382-3256},
doi = {10.1007/s10664-019-09701-0},
journal = {Empirical Softw. Eng.},
pages = {2438–2468},
numpages = {31},
}

@book{buschmann1996patterns,
  title={Pattern-Oriented Software Architecture - Volume 1: A System of Patterns},
  author={Buschmann, F. and Meunier, R. and Rohnert, H. and Sommerlad, P. and Stal, M.},
  year={1996},
  publisher={Wiley Publishing}
}

@online{goldberg2023best,
  title={JavaScript \& node.js testing best practices},
  author={Goldberg, Y.},
  year={2023},
  howpublished = "\url{https://github.com/goldbergyoni/javascript-testing-best-practices?tab=readme-ov-file\#-%EF%B8%8F-18-if-needed-use-only-short--inline-snapshots}",
  note         = "Accessed: 2024-11-01",
}

@inproceedings{fard2017uncovered,
  title={JavaScript: The (un)covered parts},
  author={Milani Fard, A. and Mesbah, A.},
  year={2017},
  pages={230--240},
  booktitle={Proceedings of the 2017 International Workshop on JavaScript Testing and Analysis (JSTest)}
}

@inproceedings{mirshokraie2015jseft,
  title={JSeft: Automated JavaScript unit test generation},
  author={Mirshokraie, S. and Mesbah, A. and Pattabiraman, K.},
  booktitle={2015 IEEE International Conference on Software Testing, Verification and Validation (ICST)},
  pages={1--10},
  year={2015},
  publisher={IEEE}
}

@inproceedings{tufano2016test,
  title={An empirical investigation into the nature of test smells},
  author={Tufano, M. and Palomba, F. and Bavota, G. and Di Penta, M. and Oliveto, R. and De Lucia, A. and Poshyvanyk, D.},
  booktitle={2016 31st IEEE/ACM International Conference on Automated Software Engineering (ASE)},
  pages={4--15},
  year={2016}
}

@inproceedings{allamanis2014mining,
  title={Mining idioms from source code},
  author={Allamanis, M. and Sutton, C.},
  booktitle={Proceedings of the 22nd ACM SIGSOFT International Symposium on Foundations of Software Engineering (FSE 2014)},
  pages={472--483},
  year={2014},
  publisher={Association for Computing Machinery}
}

@book{khorikov2020unit,
  title={Unit Testing Principles, Practices, and Patterns},
  author={Khorikov, Vladimir},
  year={2020},
  publisher={Simon and Schuster}
}

@article{kamei2021information,
title = {Grey Literature in Software Engineering: A critical review},
journal = {Information and Software Technology},
volume = {138},
pages = {106609},
year = {2021},
issn = {0950-5849},
doi = {https://doi.org/10.1016/j.infsof.2021.106609},
url = {https://www.sciencedirect.com/science/article/pii/S0950584921000860},
author = {Fernando Kamei and Igor Wiese and Crescencio Lima and Ivanilton Polato and Vilmar Nepomuceno and Waldemar Ferreira and Márcio Ribeiro and Carolline Pena and Bruno Cartaxo and Gustavo Pinto and Sérgio Soares},
}

@misc{ross2018nist,
  title = {Systems Security Engineering: Considerations for a Multidisciplinary Approach in the Engineering of Trustworthy Secure Systems},
  author = {Ronald Ross and Michael McEvilley and Janet Oren},
  year = {2018},
  publisher = {Special Publication (NIST SP), National Institute of Standards and Technology, Gaithersburg, MD},
}

@book{mcgraw2006issre,
  author={McGraw, Gary},
  title={Software Security: Building Security In}, 
  year={2006},
  publisher={17th International Symposium on Software Reliability Engineering}
}

@standard{ISO29119-1,
  title        = "{ISO/IEC/IEEE 29119-1:2022 Software and systems engineering—Software testing—Part 1: Concepts and definitions}",
  organization = "{International Organization for Standardization}",
  year         = 2022,
  number       = "ISO 29119-1",
  author       = "{ISO/IEC/IEEE}",
}

@book{myers2011wiley,
  author    = "Myers, Glenford J. and Sandler, Corey and Badgett, Tom",
  title     = "The Art of Software Testing",
  edition   = "3rd",
  year      = 2011,
  publisher = "Wiley",
}

@book{beck2003,
  author    = "Beck, Kent",
  title     = "Test-Driven Development: By Example",
  year      = 2003,
  publisher = "Addison-Wesley Professional",
}

@book{fernandes2019,
  author    = "Fernandes da Costa, Lucas",
  title     = "Testing JavaScript Applications",
  year      = 2021,
  publisher = "Manning Publications",
}

@misc{Jest22,
  author       = "{Meta Open Source}",
  title        = "Snapshot Testing",
  year         = "2022",
  howpublished = "\url{https://jestjs.io/docs/snapshot-testing}",
  note         = "Accessed: 2024-11-01",
  organization = "Jest Documentation"
}

@book{osmani2018,
  author    = "Banks, Alex and Porcello, Eve",
  title     = "Learning React: Modern Patterns for Developing React Apps",
  booktitle = "Learning React: Modern Patterns for Developing React Apps",
  edition   = "2nd",
  year      = 2020,
  publisher = "O'Reilly Media",
}

@book{martin2020,
  author    = {Martin, Robert C.},
  title     = "Clean Agile",
  year      = {2020},
  publisher = "Pearson",
}

@book{crispin2009,
  author    = "Crispin, Lisa and Gregory, Janet",
  title     = "Agile Testing: A Practical Guide for Testers and Agile Teams",
  year      = 2009,
  publisher = "Addison-Wesley Professional",
}

@book{humble2010,
  author    = "Humble, Jez and Farley, David",
  title     = "Continuous Delivery: Reliable Software Releases through Build, Test, and Deployment Automation",
  year      = 2010,
  publisher = "Addison-Wesley Professional",
}

@misc{agile-manifesto,
  author       = "Beck, Kent and Beedle, Mike and van Bennekum, Arie and Cockburn, Alistair and Cunningham, Ward and Fowler, Martin and Grenning, James and Highsmith, Jim and Hunt, Andrew and Jeffries, Ron and Kern, Jon and Marick, Brian and Martin, Robert C. and Mellor, Steve and Schwaber, Ken and Sutherland, Jeff and Thomas, Dave",
  title        = "Manifesto for Agile Software Development",
  year         = 2001,
  howpublished = "\url{https://agilemanifesto.org/principles.html}",
  note         = "Accessed: 2024-11-01"
}

@misc{fowler2006ci,
  author       = "Fowler, Martin",
  title        = "Continuous Integration",
  year         = 2006,
  howpublished = "\url{https://martinfowler.com/articles/continuousIntegration.html}",
  note         = "Accessed: 2024-11-01"
}

@article{Mouratidis2007,
  author    = "Mouratidis, Haralambos and Giorgini, Paolo",
  title     = "Secure Tropos: A Security-Oriented Extension of the Tropos Methodology",
  journal   = "International Journal of Software Engineering and Knowledge Engineering",
  volume    = 17,
  number    = 2,
  pages     = "285--309",
  year      = 2007
}

@misc{EU2016,
  author       = "{European Union}",
  title        = "General Data Protection Regulation (GDPR)",
  year         = 2016,
  howpublished = "Official Journal of the European Union"
}

@book{Bass2015,
  author    = "Bass, Len and Weber, Ingo and Zhu, Liming",
  title     = "DevOps: A Software Architect's Perspective",
  year      = 2015,
  publisher = "Addison-Wesley Professional",
}

@book{Humble2010,
  author    = "Humble, Jez and Farley, David",
  title     = "Continuous Delivery: Reliable Software Releases through Build, Test, and Deployment Automation",
  year      = 2010,
  publisher = "Addison-Wesley Professional",
}

@standard{IEEE1012-2016,
  author       = "{IEEE}",
  title        = "{IEEE Standard for System and Software Verification and Validation (IEEE Std 1012-2016)}",
  year         = 2016,
  organization = "IEEE Standards Association",
  number       = "IEEE Std 1012-2016",
}

@book{Sommerville2011,
  author    = "Sommerville, Ian",
  title     = "Software Engineering",
  edition   = "9th edition",
  year      = 2011,
  publisher = "Addison-Wesley",
}

@book{Sommerville2015,
  author    = "Sommerville, Ian",
  title     = "Software Engineering",
  edition   = "10th edition",
  year      = 2015,
  publisher = "Pearson Education",
}

@book{Fowler2018,
  author    = "Fowler, Martin",
  title     = "Refactoring: Improving the Design of Existing Code",
  edition   = "2nd",
  year      = 2018,
  publisher = "Addison-Wesley Professional",
}

@book{Valente24,
  title     = "Software Engineering: A Modern Approach",
  author    = "Marco Tulio Valente",
  editor    = "Self-published",
  year      = 2024,
}

@inproceedings{Fontana2015,
  author    = "Arcelli Fontana, Francesca and Ferme, Vincenzo and Zanoni, Marco and Yamashita, Aiko",
  title     = "Automatic Metric Thresholds Derivation for Code Smell Detection",
  booktitle = "Proceedings of the 6th International Workshop on Emerging Trends in Software Metrics (WETSoM)",
  pages     = "44--53",
  year      = 2015
}

@inproceedings{Garousi2016,
  author    = "Garousi, Vahid and Felderer, Michael and Mäntylä, Mika V.",
  title     = "The Need for Multivocal Literature Reviews in Software Engineering: Complementing Systematic Literature Reviews with Grey Literature",
  booktitle = "Proceedings of the 20th International Conference on Evaluation and Assessment in Software Engineering (EASE)",
  pages     = "1--6",
  year      = 2016
}

@inproceedings{Vegi2022,
  author    = "Vegi, Lucas and Valente, Marco Tulio",
  title     = "Code Smells in Elixir: Early Results from a Grey Literature Review",
  booktitle = "Proceedings of the 30th International Conference on Program Comprehension (ICPC)",
  pages     = "1--5",
  year      = 2022
}

@article{Vegi2023, 
  author = {Lucas Vegi and Marco Tulio Valente},
  title = {Understanding Code Smells in {Elixir} Functional Language},
  journal = {Empirical Software Engineering},
  volume = {28},
  number = {4},
  pages = {1--36},  
  year = {2023}
}

@online{OpenJS2024,
  author       = "{OpenJS Foundation}",
  title        = "{Jest Graduates to At Large Project at OpenJS Foundation}",
  year         = 2024,
  howpublished = "\url{https://openjsf.org/blog/jest-graduates-to-at-large-project}",
  note         = "Accessed: 2024-11-01"
}

@book{Pressman2020,
  author    = "Pressman, Roger S. and Maxim, Bruce R.",
  title     = "Software Engineering: A Practitioner's Approach",
  edition   = "9th",
  year      = 2020,
  publisher = "McGraw-Hill Education",
}

@book{Meszaros2007,
  author    = "Meszaros, Gerard",
  title     = "xUnit Test Patterns: Refactoring Test Code",
  year      = 2007,
  publisher = "Addison-Wesley Professional",
}

@book{Osherove2009,
  author    = "Osherove, Roy",
  title     = "The Art of Unit Testing",
  year      = 2009,
  publisher = "Manning Publications",
}

@online{GitHub_Actions,
  author       = "{GitHub}",
  title        = "Understanding GitHub Actions",
  year         = "n.d.",
  howpublished = "\url{https://docs.github.com/en/actions/learn-github-actions/understanding-github-actions}",
  note         = "Accessed: 2024-11-01"
}

@online{GitHub_CI,
  author       = "{GitHub}",
  title        = "About Continuous Integration",
  year         = "n.d.",
  howpublished = "\url{https://docs.github.com/en/actions/automating-builds-and-tests/about-continuous-integration}",
  note         = "Accessed: 2024-11-01"
}

@book{Farace2010,
  author    = "Farace, Dominic and Schöpfel, Joachim",
  title     = "Grey Literature in Library and Information Studies",
  year      = 2010,
  publisher = "De Gruyter Saur",
}

@incollection{Lawrence2015,
  author    = "Lawrence, Alan",
  title     = "Digital Libraries and Grey Literature",
  booktitle = "Grey Literature in Library and Information Studies",
  editor    = "Farace, Dominic and Schöpfel, Joachim",
  pages     = "177--192",
  year      = 2015,
  publisher = "De Gruyter Saur",
}

@article{Adams2017,
  author    = "Adams, Richard J. and Smart, Palie and Huff, Anne Sigismund",
  title     = "Shades of Grey: Guidelines for Working with the Grey Literature in Systematic Reviews for Management and Organizational Studies",
  journal   = "International Journal of Management Reviews",
  volume    = 19,
  number    = 4,
  pages     = "432--454",
  year      = 2017,
  doi       = "10.1111/ijmr.12102"
}

@article{Paez2017,
  author    = "Paez, Antonio",
  title     = "Grey Literature: An Important Resource in Systematic Reviews",
  journal   = "Journal of Evidence-Based Medicine",
  volume    = 10,
  number    = 3,
  pages     = "233--240",
  year      = 2017,
  doi       = "10.1111/jebm.12266"
}

@article{Garousi2019,
  author    = "Garousi, Vahid and Felderer, Michael and Mäntylä, Mika V.",
  title     = "Guidelines for Including Grey Literature and Conducting Multivocal Literature Reviews in Software Engineering",
  journal   = "Information and Software Technology",
  volume    = 106,
  pages     = "101--121",
  year      = 2019,
  doi       = "10.1016/j.infsof.2018.09.006"
}

@inproceedings{Borjesson2012,
  author    = "Börjesson, Emil and Feldt, Robert",
  title     = "Automated System Testing using Visual GUI Testing Tools: A Comparative Study in Industry",
  booktitle = "Proceedings of the 5th International Conference on Software Testing, Verification and Validation (ICST)",
  pages     = "350--359",
  year      = 2012,
  publisher = "IEEE",
  address   = "Montreal, Canada",
  doi       = "10.1109/ICST.2012.123"
}

@inproceedings{Rafique2012,
  author    = "Rafique, Nadeem and van Deursen, Arie and Zaidman, Andy",
  title     = "Studying the Co-Evolution of Production and Test Code in Open Source and Industrial Developer Test Processes through Repository Mining",
  booktitle = "Proceedings of the 34th International Conference on Software Engineering (ICSE '12)",
  pages     = "1277--1280",
  year      = 2012,
  publisher = "IEEE",
  doi       = "10.1109/ICSE.2012.6227122"
}

@online{Panchuk24,
  author       = "Panchuk, Alexander",
  title        = "Snapshot Testing: Example and Its Benefits",
  howpublished          = "\url{https://oril.co/blog/snapshot-testing-example-and-its-benefits/}",
  year      = 2022,
  note         = "Accessed: 2024-11-01"
}

@online{Weintraub2000,
  author    = "Weintraub, Irwin",
  title     = "The Role of Grey Literature in the Sciences",
  year      = 2000,
  howpublished          = "\url{https://academic.brooklyn.cuny.edu/library/access/greyliter.htm}",
  note         = "Accessed: 2024-11-01"
}


@misc{Dodds2017,
  author       = "Dodds, Kent C.",
  title        = "Effective Snapshot Testing",
  year         = 2017,
  howpublished = "\url{https://kentcdodds.com/blog/effective-snapshot-testing}",
  note         = "Accessed: 2024-11-01"
}

@misc{Johnson2019,
  author       = "Johnson, Shaun",
  title        = "Native Mobile Snapshot Testing with Kotlin and Swift",
  year         = 2019,
  howpublished = "\url{https://medium.com/airbnb-engineering/native-mobile-snapshot-testing-with-kotlin-and-swift-752d9977e6c7}",
  note         = "Accessed: 2024-11-01"
}

@online{Orosz2021,
  author       = "Orosz, Gergely",
  title        = "A Primer on Automated Mobile Testing",
  journal      = "Increment",
  volume       = 18,
  year         = 2021,
  howpublished = "\url{https://increment.com/mobile/automated-mobile-testing/}",
  note         = "Accessed: 2024-11-01"
}

@book{Kim2016,
  author    = "Kim, Gene and Humble, Jez and Debois, Patrick and Willis, John",
  title     = "The DevOps Handbook: How to Create World-Class Agility, Reliability, and Security in Technology Organizations",
  year      = 2016,
  publisher = "IT Revolution Press",
}

@misc{Beck2024,
  author       = "Beck, Kent",
  title        = "Snapshot Testing",
  journal      = "Tidy First?",
  year         = 2023,
  month        = july,
  howpublished = "\url{https://tidyfirst.substack.com/p/snapshot-testing}",
  note         = "Accessed: 2024-11-01"
}

@article{Gazzinelli2023JSS, 
  author = {Victor Gazzinelli Cruz and Henrique Rocha and Marco Tulio Valente},
  title = {Snapshot Testing in Practice: Benefits and Drawbacks},
  journal = {Journal of Systems and Software},
  volume = {1}, 
  pages = {1--7},  
  year = {2023}
}

@inproceedings{Stocco2018,
author = {Stocco, Andrea and Yandrapally, Rahulkrishna and Mesbah, Ali},
title = {Visual web test repair},
booktitle = "Proceedings of the 2018 26th ACM Joint Meeting on European Software Engineering Conference and Symposium on the Foundations of Software Engineering",
pages = {503–514},
year = "2018",
publisher = "Association for Computing Machinery",
doi = "10.1145/3236024.323606",
}

@article{Garousi2020,
author = {Garousi, Vahid and Felderer, Michael and Kuhrmann, Marco and Herkiloglu, Kadir and Eldh, Sigrid},
year = {2020},
month = {02},
pages = {},
title = {Exploring the industry's challenges in software testing: An empirical study},
volume = {32},
journal = {Journal of Software: Evolution and Process},
doi = {10.1002/smr.2251}
}

@@book{Cohn09,
author = {Cohn, Mike},
year = {2009},
title = {Succeeding with Agile: Software Development Using Scrum},
isbn = {0321579364, 9780321579362}
}

